@inproceedings{gomes2015protected,
  title={Protected shortest path visiting specified nodes},
  author={Gomes, Teresa and Marques, Sofia and Martins, L{\'u}cia and Pascoal, Marta and Tipper, David},
  booktitle={Reliable Networks Design and Modeling (RNDM), 2015 7th International Workshop on},
  pages={120--127},
  year={2015},
  organization={IEEE}
}